%YAML 1.1
%TAG !u! tag:unity3d.com,2011:
--- !u!29 &1
OcclusionCullingSettings:
  m_ObjectHideFlags: 0
  serializedVersion: 2
  m_OcclusionBakeSettings:
    smallestOccluder: 5
    smallestHole: 0.25
    backfaceThreshold: 100
  m_SceneGUID: 00000000000000000000000000000000
  m_OcclusionCullingData: {fileID: 0}
--- !u!104 &2
RenderSettings:
  m_ObjectHideFlags: 0
  serializedVersion: 8
  m_Fog: 0
  m_FogColor: {r: 0.5, g: 0.5, b: 0.5, a: 1}
  m_FogMode: 3
  m_FogDensity: 0.01
  m_LinearFogStart: 0
  m_LinearFogEnd: 300
  m_AmbientSkyColor: {r: 0.212, g: 0.227, b: 0.259, a: 1}
  m_AmbientEquatorColor: {r: 0.114, g: 0.125, b: 0.133, a: 1}
  m_AmbientGroundColor: {r: 0.047, g: 0.043, b: 0.035, a: 1}
  m_AmbientIntensity: 1
  m_AmbientMode: 3
  m_SubtractiveShadowColor: {r: 0.42, g: 0.478, b: 0.627, a: 1}
  m_SkyboxMaterial: {fileID: 0}
  m_HaloStrength: 0.5
  m_FlareStrength: 1
  m_FlareFadeSpeed: 3
  m_HaloTexture: {fileID: 0}
  m_SpotCookie: {fileID: 10001, guid: 0000000000000000e000000000000000, type: 0}
  m_DefaultReflectionMode: 0
  m_DefaultReflectionResolution: 128
  m_ReflectionBounces: 1
  m_ReflectionIntensity: 1
  m_CustomReflection: {fileID: 0}
  m_Sun: {fileID: 0}
  m_IndirectSpecularColor: {r: 0, g: 0, b: 0, a: 1}
--- !u!157 &3
LightmapSettings:
  m_ObjectHideFlags: 0
  serializedVersion: 11
  m_GIWorkflowMode: 1
  m_GISettings:
    serializedVersion: 2
    m_BounceScale: 1
    m_IndirectOutputScale: 1
    m_AlbedoBoost: 1
    m_TemporalCoherenceThreshold: 1
    m_EnvironmentLightingMode: 0
    m_EnableBakedLightmaps: 0
    m_EnableRealtimeLightmaps: 0
  m_LightmapEditorSettings:
    serializedVersion: 9
    m_Resolution: 2
    m_BakeResolution: 40
    m_TextureWidth: 1024
    m_TextureHeight: 1024
    m_AO: 0
    m_AOMaxDistance: 1
    m_CompAOExponent: 1
    m_CompAOExponentDirect: 0
    m_Padding: 2
    m_LightmapParameters: {fileID: 0}
    m_LightmapsBakeMode: 1
    m_TextureCompression: 1
    m_FinalGather: 0
    m_FinalGatherFiltering: 1
    m_FinalGatherRayCount: 256
    m_ReflectionCompression: 2
    m_MixedBakeMode: 2
    m_BakeBackend: 0
    m_PVRSampling: 1
    m_PVRDirectSampleCount: 32
    m_PVRSampleCount: 500
    m_PVRBounces: 2
    m_PVRFilterTypeDirect: 0
    m_PVRFilterTypeIndirect: 0
    m_PVRFilterTypeAO: 0
    m_PVRFilteringMode: 1
    m_PVRCulling: 1
    m_PVRFilteringGaussRadiusDirect: 1
    m_PVRFilteringGaussRadiusIndirect: 5
    m_PVRFilteringGaussRadiusAO: 2
    m_PVRFilteringAtrousPositionSigmaDirect: 0.5
    m_PVRFilteringAtrousPositionSigmaIndirect: 2
    m_PVRFilteringAtrousPositionSigmaAO: 1
  m_LightingDataAsset: {fileID: 0}
  m_UseShadowmask: 1
--- !u!196 &4
NavMeshSettings:
  serializedVersion: 2
  m_ObjectHideFlags: 0
  m_BuildSettings:
    serializedVersion: 2
    agentTypeID: 0
    agentRadius: 0.5
    agentHeight: 2
    agentSlope: 45
    agentClimb: 0.4
    ledgeDropHeight: 0
    maxJumpAcrossDistance: 0
    minRegionArea: 2
    manualCellSize: 0
    cellSize: 0.16666667
    manualTileSize: 0
    tileSize: 256
    accuratePlacement: 0
    debug:
      m_Flags: 0
  m_NavMeshData: {fileID: 0}
--- !u!1 &462180826
GameObject:
  m_ObjectHideFlags: 0
  m_PrefabParentObject: {fileID: 0}
  m_PrefabInternal: {fileID: 0}
  serializedVersion: 5
  m_Component:
  - component: {fileID: 462180831}
  - component: {fileID: 462180830}
  - component: {fileID: 462180829}
  - component: {fileID: 462180828}
  - component: {fileID: 462180827}
  - component: {fileID: 462180832}
  m_Layer: 0
  m_Name: Main Camera
  m_TagString: MainCamera
  m_Icon: {fileID: 0}
  m_NavMeshLayer: 0
  m_StaticEditorFlags: 0
  m_IsActive: 1
--- !u!81 &462180827
AudioListener:
  m_ObjectHideFlags: 0
  m_PrefabParentObject: {fileID: 0}
  m_PrefabInternal: {fileID: 0}
  m_GameObject: {fileID: 462180826}
  m_Enabled: 1
--- !u!124 &462180828
Behaviour:
  m_ObjectHideFlags: 0
  m_PrefabParentObject: {fileID: 0}
  m_PrefabInternal: {fileID: 0}
  m_GameObject: {fileID: 462180826}
  m_Enabled: 1
--- !u!92 &462180829
Behaviour:
  m_ObjectHideFlags: 0
  m_PrefabParentObject: {fileID: 0}
  m_PrefabInternal: {fileID: 0}
  m_GameObject: {fileID: 462180826}
  m_Enabled: 1
--- !u!20 &462180830
Camera:
  m_ObjectHideFlags: 0
  m_PrefabParentObject: {fileID: 0}
  m_PrefabInternal: {fileID: 0}
  m_GameObject: {fileID: 462180826}
  m_Enabled: 1
  serializedVersion: 2
  m_ClearFlags: 1
  m_BackGroundColor: {r: 0.19215687, g: 0.3019608, b: 0.4745098, a: 0}
  m_NormalizedViewPortRect:
    serializedVersion: 2
    x: 0
    y: 0
    width: 1
    height: 1
  near clip plane: 0.3
  far clip plane: 1000
  field of view: 60
  orthographic: 1
  orthographic size: 5
  m_Depth: -1
  m_CullingMask:
    serializedVersion: 2
    m_Bits: 4294967295
  m_RenderingPath: -1
  m_TargetTexture: {fileID: 0}
  m_TargetDisplay: 0
  m_TargetEye: 3
  m_HDR: 1
  m_AllowMSAA: 1
  m_ForceIntoRT: 0
  m_OcclusionCulling: 1
  m_StereoConvergence: 10
  m_StereoSeparation: 0.022
--- !u!4 &462180831
Transform:
  m_ObjectHideFlags: 0
  m_PrefabParentObject: {fileID: 0}
  m_PrefabInternal: {fileID: 0}
  m_GameObject: {fileID: 462180826}
  m_LocalRotation: {x: 0, y: 0, z: 0, w: 1}
  m_LocalPosition: {x: 0, y: 0, z: -10}
  m_LocalScale: {x: 1, y: 1, z: 1}
  m_Children: []
  m_Father: {fileID: 0}
  m_RootOrder: 1
  m_LocalEulerAnglesHint: {x: 0, y: 0, z: 0}
--- !u!114 &462180832
MonoBehaviour:
  m_ObjectHideFlags: 0
  m_PrefabParentObject: {fileID: 0}
  m_PrefabInternal: {fileID: 0}
  m_GameObject: {fileID: 462180826}
  m_Enabled: 1
  m_EditorHideFlags: 0
  m_Script: {fileID: 11500000, guid: bbae08577ae195645ac435b1143765c9, type: 3}
  m_Name: 
  m_EditorClassIdentifier: 
--- !u!1001 &495601938
Prefab:
  m_ObjectHideFlags: 0
  serializedVersion: 2
  m_Modification:
    m_TransformParent: {fileID: 0}
    m_Modifications:
    - target: {fileID: 114363860640345064, guid: 3a0d25e863318af4c9fe332a3cfe0aa6,
        type: 2}
      propertyPath: eventPages.Array.data[0].commands.Array.size
      value: 15
      objectReference: {fileID: 0}
    - target: {fileID: 4289829240170698, guid: 3a0d25e863318af4c9fe332a3cfe0aa6, type: 2}
      propertyPath: m_LocalPosition.x
      value: 0
      objectReference: {fileID: 0}
    - target: {fileID: 4289829240170698, guid: 3a0d25e863318af4c9fe332a3cfe0aa6, type: 2}
      propertyPath: m_LocalPosition.y
      value: 0
      objectReference: {fileID: 0}
    - target: {fileID: 4289829240170698, guid: 3a0d25e863318af4c9fe332a3cfe0aa6, type: 2}
      propertyPath: m_LocalPosition.z
      value: 0
      objectReference: {fileID: 0}
    - target: {fileID: 4289829240170698, guid: 3a0d25e863318af4c9fe332a3cfe0aa6, type: 2}
      propertyPath: m_LocalRotation.x
      value: -0
      objectReference: {fileID: 0}
    - target: {fileID: 4289829240170698, guid: 3a0d25e863318af4c9fe332a3cfe0aa6, type: 2}
      propertyPath: m_LocalRotation.y
      value: -0
      objectReference: {fileID: 0}
    - target: {fileID: 4289829240170698, guid: 3a0d25e863318af4c9fe332a3cfe0aa6, type: 2}
      propertyPath: m_LocalRotation.z
      value: -0
      objectReference: {fileID: 0}
    - target: {fileID: 4289829240170698, guid: 3a0d25e863318af4c9fe332a3cfe0aa6, type: 2}
      propertyPath: m_LocalRotation.w
      value: 1
      objectReference: {fileID: 0}
    - target: {fileID: 4289829240170698, guid: 3a0d25e863318af4c9fe332a3cfe0aa6, type: 2}
      propertyPath: m_RootOrder
      value: 9
      objectReference: {fileID: 0}
    - target: {fileID: 65439456288480734, guid: 3a0d25e863318af4c9fe332a3cfe0aa6,
        type: 2}
      propertyPath: m_Enabled
      value: 0
      objectReference: {fileID: 0}
    - target: {fileID: 114363860640345064, guid: 3a0d25e863318af4c9fe332a3cfe0aa6,
        type: 2}
      propertyPath: eventPages.Array.data[0].switches.Array.data[0].value
      value: 1
      objectReference: {fileID: 0}
    - target: {fileID: 114363860640345064, guid: 3a0d25e863318af4c9fe332a3cfe0aa6,
        type: 2}
      propertyPath: eventPages.Array.data[0].commands.Array.data[13]
      value: talk$Veronica$Faceset_00_01$Try talking to me.
      objectReference: {fileID: 0}
    - target: {fileID: 114363860640345064, guid: 3a0d25e863318af4c9fe332a3cfe0aa6,
        type: 2}
      propertyPath: eventPages.Array.data[0].commands.Array.data[9]
      value: additem$7
      objectReference: {fileID: 0}
    - target: {fileID: 114363860640345064, guid: 3a0d25e863318af4c9fe332a3cfe0aa6,
        type: 2}
      propertyPath: eventPages.Array.data[0].commands.Array.data[10]
      value: talk$Veronica$Faceset_00_01$Tap a unit to select it.
      objectReference: {fileID: 0}
    - target: {fileID: 114363860640345064, guid: 3a0d25e863318af4c9fe332a3cfe0aa6,
        type: 2}
      propertyPath: eventPages.Array.data[0].commands.Array.data[11]
      value: talk$Veronica$Faceset_00_01$Tap another unit to move the selected unit
        to the other unit's position.
      objectReference: {fileID: 0}
    - target: {fileID: 114363860640345064, guid: 3a0d25e863318af4c9fe332a3cfe0aa6,
        type: 2}
      propertyPath: eventPages.Array.data[0].commands.Array.data[12]
      value: talk$Veronica$Faceset_00_01$Tap anywhere to move the selected unit to
        that location.
      objectReference: {fileID: 0}
    - target: {fileID: 114363860640345064, guid: 3a0d25e863318af4c9fe332a3cfe0aa6,
        type: 2}
      propertyPath: eventPages.Array.data[0].commands.Array.data[0]
      value: addpc$0$1$-3.5,0,0$1,1,1
      objectReference: {fileID: 0}
    - target: {fileID: 114363860640345064, guid: 3a0d25e863318af4c9fe332a3cfe0aa6,
        type: 2}
      propertyPath: eventPages.Array.data[0].commands.Array.data[3]
      value: additem$2
      objectReference: {fileID: 0}
    - target: {fileID: 114363860640345064, guid: 3a0d25e863318af4c9fe332a3cfe0aa6,
        type: 2}
      propertyPath: eventPages.Array.data[0].commands.Array.data[4]
      value: additem$3
      objectReference: {fileID: 0}
    - target: {fileID: 114363860640345064, guid: 3a0d25e863318af4c9fe332a3cfe0aa6,
        type: 2}
      propertyPath: eventPages.Array.data[0].commands.Array.data[5]
      value: additem$4
      objectReference: {fileID: 0}
    - target: {fileID: 114363860640345064, guid: 3a0d25e863318af4c9fe332a3cfe0aa6,
        type: 2}
      propertyPath: eventPages.Array.data[0].commands.Array.data[6]
      value: additem$5
      objectReference: {fileID: 0}
    - target: {fileID: 114363860640345064, guid: 3a0d25e863318af4c9fe332a3cfe0aa6,
        type: 2}
      propertyPath: eventPages.Array.data[0].commands.Array.data[7]
      value: additem$6
      objectReference: {fileID: 0}
    - target: {fileID: 114363860640345064, guid: 3a0d25e863318af4c9fe332a3cfe0aa6,
        type: 2}
      propertyPath: eventPages.Array.data[0].commands.Array.data[8]
      value: additem$0
      objectReference: {fileID: 0}
    - target: {fileID: 114363860640345064, guid: 3a0d25e863318af4c9fe332a3cfe0aa6,
        type: 2}
      propertyPath: eventPages.Array.data[0].commands.Array.data[14]
      value: gameswitch$addAlex$0
      objectReference: {fileID: 0}
    m_RemovedComponents: []
  m_ParentPrefab: {fileID: 100100000, guid: 3a0d25e863318af4c9fe332a3cfe0aa6, type: 2}
  m_IsPrefabParent: 0
--- !u!1001 &501541285
Prefab:
  m_ObjectHideFlags: 0
  serializedVersion: 2
  m_Modification:
    m_TransformParent: {fileID: 0}
    m_Modifications:
    - target: {fileID: 4110315698320982, guid: 6e790ecc204257241b138f4c9cc881cf, type: 2}
      propertyPath: m_LocalPosition.x
      value: 30
      objectReference: {fileID: 0}
    - target: {fileID: 4110315698320982, guid: 6e790ecc204257241b138f4c9cc881cf, type: 2}
      propertyPath: m_LocalPosition.y
      value: -0.5
      objectReference: {fileID: 0}
    - target: {fileID: 4110315698320982, guid: 6e790ecc204257241b138f4c9cc881cf, type: 2}
      propertyPath: m_LocalPosition.z
      value: 0
      objectReference: {fileID: 0}
    - target: {fileID: 4110315698320982, guid: 6e790ecc204257241b138f4c9cc881cf, type: 2}
      propertyPath: m_LocalRotation.x
      value: -0
      objectReference: {fileID: 0}
    - target: {fileID: 4110315698320982, guid: 6e790ecc204257241b138f4c9cc881cf, type: 2}
      propertyPath: m_LocalRotation.y
      value: -0
      objectReference: {fileID: 0}
    - target: {fileID: 4110315698320982, guid: 6e790ecc204257241b138f4c9cc881cf, type: 2}
      propertyPath: m_LocalRotation.z
      value: -0
      objectReference: {fileID: 0}
    - target: {fileID: 4110315698320982, guid: 6e790ecc204257241b138f4c9cc881cf, type: 2}
      propertyPath: m_LocalRotation.w
      value: 1
      objectReference: {fileID: 0}
    - target: {fileID: 4110315698320982, guid: 6e790ecc204257241b138f4c9cc881cf, type: 2}
      propertyPath: m_RootOrder
      value: 11
      objectReference: {fileID: 0}
    - target: {fileID: 1844255433920916, guid: 6e790ecc204257241b138f4c9cc881cf, type: 2}
      propertyPath: m_Name
      value: SwitchScene
      objectReference: {fileID: 0}
    - target: {fileID: 114029118712980488, guid: 6e790ecc204257241b138f4c9cc881cf,
        type: 2}
      propertyPath: size
      value: 15
      objectReference: {fileID: 0}
    - target: {fileID: 114029118712980488, guid: 6e790ecc204257241b138f4c9cc881cf,
        type: 2}
      propertyPath: eventPages.Array.data[1].commands.Array.data[0]
      value: talk$Veronica$Faceset_00_01$Talk to me first.
      objectReference: {fileID: 0}
    - target: {fileID: 114029118712980488, guid: 6e790ecc204257241b138f4c9cc881cf,
        type: 2}
      propertyPath: eventPages.Array.data[0].commands.Array.data[0]
      value: switchscene$Scene2$-7.7,0,0$-7.7,1,0$-7.7,-1,0$-7.7,-2,0$1,1,1$1,1,1$1,1,1$1,1,1
      objectReference: {fileID: 0}
    m_RemovedComponents: []
  m_ParentPrefab: {fileID: 100100000, guid: 6e790ecc204257241b138f4c9cc881cf, type: 2}
  m_IsPrefabParent: 0
--- !u!1 &731942098
GameObject:
  m_ObjectHideFlags: 0
  m_PrefabParentObject: {fileID: 0}
  m_PrefabInternal: {fileID: 0}
  serializedVersion: 5
  m_Component:
  - component: {fileID: 731942101}
  - component: {fileID: 731942100}
  - component: {fileID: 731942099}
  m_Layer: 0
  m_Name: EventSystem
  m_TagString: Untagged
  m_Icon: {fileID: 0}
  m_NavMeshLayer: 0
  m_StaticEditorFlags: 0
  m_IsActive: 1
--- !u!114 &731942099
MonoBehaviour:
  m_ObjectHideFlags: 0
  m_PrefabParentObject: {fileID: 0}
  m_PrefabInternal: {fileID: 0}
  m_GameObject: {fileID: 731942098}
  m_Enabled: 1
  m_EditorHideFlags: 0
  m_Script: {fileID: 1077351063, guid: f70555f144d8491a825f0804e09c671c, type: 3}
  m_Name: 
  m_EditorClassIdentifier: 
  m_HorizontalAxis: Horizontal
  m_VerticalAxis: Vertical
  m_SubmitButton: Submit
  m_CancelButton: Cancel
  m_InputActionsPerSecond: 10
  m_RepeatDelay: 0.5
  m_ForceModuleActive: 0
--- !u!114 &731942100
MonoBehaviour:
  m_ObjectHideFlags: 0
  m_PrefabParentObject: {fileID: 0}
  m_PrefabInternal: {fileID: 0}
  m_GameObject: {fileID: 731942098}
  m_Enabled: 1
  m_EditorHideFlags: 0
  m_Script: {fileID: -619905303, guid: f70555f144d8491a825f0804e09c671c, type: 3}
  m_Name: 
  m_EditorClassIdentifier: 
  m_FirstSelected: {fileID: 0}
  m_sendNavigationEvents: 1
  m_DragThreshold: 5
--- !u!4 &731942101
Transform:
  m_ObjectHideFlags: 0
  m_PrefabParentObject: {fileID: 0}
  m_PrefabInternal: {fileID: 0}
  m_GameObject: {fileID: 731942098}
  m_LocalRotation: {x: 0, y: 0, z: 0, w: 1}
  m_LocalPosition: {x: 0, y: 0, z: 0}
  m_LocalScale: {x: 1, y: 1, z: 1}
  m_Children: []
  m_Father: {fileID: 0}
  m_RootOrder: 7
  m_LocalEulerAnglesHint: {x: 0, y: 0, z: 0}
--- !u!1001 &987833169
Prefab:
  m_ObjectHideFlags: 0
  serializedVersion: 2
  m_Modification:
    m_TransformParent: {fileID: 0}
    m_Modifications:
    - target: {fileID: 4721353216042272, guid: 9b00861debdcf1f41b869df966336feb, type: 2}
      propertyPath: m_LocalPosition.x
      value: -0.4046549
      objectReference: {fileID: 0}
    - target: {fileID: 4721353216042272, guid: 9b00861debdcf1f41b869df966336feb, type: 2}
      propertyPath: m_LocalPosition.y
      value: -0.336192
      objectReference: {fileID: 0}
    - target: {fileID: 4721353216042272, guid: 9b00861debdcf1f41b869df966336feb, type: 2}
      propertyPath: m_LocalPosition.z
      value: -4.6152344
      objectReference: {fileID: 0}
    - target: {fileID: 4721353216042272, guid: 9b00861debdcf1f41b869df966336feb, type: 2}
      propertyPath: m_LocalRotation.x
      value: 0
      objectReference: {fileID: 0}
    - target: {fileID: 4721353216042272, guid: 9b00861debdcf1f41b869df966336feb, type: 2}
      propertyPath: m_LocalRotation.y
      value: 0
      objectReference: {fileID: 0}
    - target: {fileID: 4721353216042272, guid: 9b00861debdcf1f41b869df966336feb, type: 2}
      propertyPath: m_LocalRotation.z
      value: 0
      objectReference: {fileID: 0}
    - target: {fileID: 4721353216042272, guid: 9b00861debdcf1f41b869df966336feb, type: 2}
      propertyPath: m_LocalRotation.w
      value: 1
      objectReference: {fileID: 0}
    - target: {fileID: 4721353216042272, guid: 9b00861debdcf1f41b869df966336feb, type: 2}
      propertyPath: m_RootOrder
      value: 3
      objectReference: {fileID: 0}
    - target: {fileID: 114748318558461118, guid: 9b00861debdcf1f41b869df966336feb,
        type: 2}
      propertyPath: raycastMask.m_Bits
      value: 257
      objectReference: {fileID: 0}
    m_RemovedComponents: []
  m_ParentPrefab: {fileID: 100100000, guid: 9b00861debdcf1f41b869df966336feb, type: 2}
  m_IsPrefabParent: 0
--- !u!1001 &1001098386
Prefab:
  m_ObjectHideFlags: 0
  serializedVersion: 2
  m_Modification:
    m_TransformParent: {fileID: 0}
    m_Modifications:
    - target: {fileID: 4904519809611776, guid: 9e12d81111399654394009e94f3033a3, type: 2}
      propertyPath: m_LocalPosition.x
      value: 0
      objectReference: {fileID: 0}
    - target: {fileID: 4904519809611776, guid: 9e12d81111399654394009e94f3033a3, type: 2}
      propertyPath: m_LocalPosition.y
      value: 0
      objectReference: {fileID: 0}
    - target: {fileID: 4904519809611776, guid: 9e12d81111399654394009e94f3033a3, type: 2}
      propertyPath: m_LocalPosition.z
      value: 0
      objectReference: {fileID: 0}
    - target: {fileID: 4904519809611776, guid: 9e12d81111399654394009e94f3033a3, type: 2}
      propertyPath: m_LocalRotation.x
      value: 0
      objectReference: {fileID: 0}
    - target: {fileID: 4904519809611776, guid: 9e12d81111399654394009e94f3033a3, type: 2}
      propertyPath: m_LocalRotation.y
      value: 0
      objectReference: {fileID: 0}
    - target: {fileID: 4904519809611776, guid: 9e12d81111399654394009e94f3033a3, type: 2}
      propertyPath: m_LocalRotation.z
      value: 0
      objectReference: {fileID: 0}
    - target: {fileID: 4904519809611776, guid: 9e12d81111399654394009e94f3033a3, type: 2}
      propertyPath: m_LocalRotation.w
      value: 1
      objectReference: {fileID: 0}
    - target: {fileID: 4904519809611776, guid: 9e12d81111399654394009e94f3033a3, type: 2}
      propertyPath: m_RootOrder
      value: 10
      objectReference: {fileID: 0}
    m_RemovedComponents: []
  m_ParentPrefab: {fileID: 100100000, guid: 9e12d81111399654394009e94f3033a3, type: 2}
  m_IsPrefabParent: 0
--- !u!1001 &1061374037
Prefab:
  m_ObjectHideFlags: 0
  serializedVersion: 2
  m_Modification:
    m_TransformParent: {fileID: 0}
    m_Modifications:
    - target: {fileID: 4296529542528696, guid: b8211add4e1b63d4bb7afc2d547f118f, type: 2}
      propertyPath: m_LocalPosition.x
      value: 0
      objectReference: {fileID: 0}
    - target: {fileID: 4296529542528696, guid: b8211add4e1b63d4bb7afc2d547f118f, type: 2}
      propertyPath: m_LocalPosition.y
      value: 0
      objectReference: {fileID: 0}
    - target: {fileID: 4296529542528696, guid: b8211add4e1b63d4bb7afc2d547f118f, type: 2}
      propertyPath: m_LocalPosition.z
      value: 0
      objectReference: {fileID: 0}
    - target: {fileID: 4296529542528696, guid: b8211add4e1b63d4bb7afc2d547f118f, type: 2}
      propertyPath: m_LocalRotation.x
      value: 0
      objectReference: {fileID: 0}
    - target: {fileID: 4296529542528696, guid: b8211add4e1b63d4bb7afc2d547f118f, type: 2}
      propertyPath: m_LocalRotation.y
      value: 0
      objectReference: {fileID: 0}
    - target: {fileID: 4296529542528696, guid: b8211add4e1b63d4bb7afc2d547f118f, type: 2}
      propertyPath: m_LocalRotation.z
      value: 0
      objectReference: {fileID: 0}
    - target: {fileID: 4296529542528696, guid: b8211add4e1b63d4bb7afc2d547f118f, type: 2}
      propertyPath: m_LocalRotation.w
      value: 1
      objectReference: {fileID: 0}
    - target: {fileID: 4296529542528696, guid: b8211add4e1b63d4bb7afc2d547f118f, type: 2}
      propertyPath: m_RootOrder
      value: 4
      objectReference: {fileID: 0}
    - target: {fileID: 1096587963517664, guid: b8211add4e1b63d4bb7afc2d547f118f, type: 2}
      propertyPath: m_Name
      value: A*
      objectReference: {fileID: 0}
    - target: {fileID: 114091572358386942, guid: b8211add4e1b63d4bb7afc2d547f118f,
        type: 2}
      propertyPath: data.dataString
      value: UEsDBBQAAAgIAABAIezPkptoTAIAAAgFAAALACQAZ3JhcGgwLmpzb24KACAAAAAAAAEAGAAAgD7V3rGdAQCAPtXesZ0BAIA+1d6xnQF1U9tu2kAQ/RXk51IBCaT0rYWEtkoAhVZ9qPIwrMd4xXrX2p0tl4h/z+za1Ia2kiXb58ztzOU1AVeioGcgaZKPnf67TiKdKZCsFJ/0RiGDPQa9lpmxxX26wYlx5BjOQDlkyhoK3pqh106y51d3HFwOtesxvDsn/hKoCW1j928rr4WCosR0JY/YGPd7Z3P+iobapFjbhLqFUUq6upCEDmUgkmc4JEymElhUTB5sc5SbnPhn0HZcZJlDqguycJhKy72pIiafDeUhUgFuW1X1G5SPyXuD21hQFfXpL4NuP9KZNcWXc+JKDuVSbLlEAY5aLW3D08vKvd6B2sJa4c8c9dzMrPE6ZZKsD67e4WDa/P7RNslRbBu8KvUK9OX/ZxM0nKL8/UTJYh2o97cVsFImNjuOHS2P5SsXHJfC1SEYDVX8cPgdNu3tqYkHaR0xVasET+ZR6u3MyrRtfcan0tGjLGTVybALQc/aeBusk/vY5CDf08RYjRGuVZaoQdFhyXnpeuhXXCvzFfMAgsx5JjV3vpcrlwg39r3eFbU0u2a6Dr/5olwaqWmFYEXeiudys3tCly88KamxURSIOXd9YrSuFtZdksFr5W0GouVFuCdvcQoE8WK4JN6qtJ2Q+xk9tFcqLHAUEWL/YhHheQk9zoHTqggnc8OFMXjxfgmLs/EyvTyLJBuPP9yMUhiORDZAMez207UQ6TAbZTfju1HvLol3IzW3HNSy6lk9Kd443WjRfCMhYtiXzsxCGU81tbCbyWNhWu2QOjMrYRH1oolwegNQSwMEFAAACAgAAEAh7G7hdEs0AAAANwAAABIAJABncmFwaDBfZWRpdG9yLmpzb24KACAAAAAAAAEAGAAAgD7V3rGdAQCAPtXesZ0BAIA+1d6xnQGrVsrJT85OTVGyUigpKk3VUVAqzsgvd60oKUoECqUl5hSDxAoyy/JLgHwl59S8ktQipVoAUEsDBBQAAAgIAABAIewHpbLXbAAAAHgAAAAJACQAbWV0YS5qc29uCgAgAAAAAAABABgAAIA+1d6xnQEAgD7V3rGdAQCAPtXesZ0Bq1YqSy0qzszPU7JSMNEz0DM01FFQSi9KLMgoBoqAOaWZKSB2tFKapaWFsVlKoqlZcppRarKprmFKUnJyimmaWZqxpbmZgblSLFB9SWVBql9ibipET0BiSUZaZl5KZl66nntRZoo7yGil2FoAUEsBAi0AFAAACAgAAEAh7M+Sm2hMAgAACAUAAAsAJAAAAAAAAAAAAAAAAAAAAGdyYXBoMC5qc29uCgAgAAAAAAABABgAAIA+1d6xnQEAgD7V3rGdAQCAPtXesZ0BUEsBAi0AFAAACAgAAEAh7G7hdEs0AAAANwAAABIAJAAAAAAAAAAAAAAAmQIAAGdyYXBoMF9lZGl0b3IuanNvbgoAIAAAAAAAAQAYAACAPtXesZ0BAIA+1d6xnQEAgD7V3rGdAVBLAQItABQAAAgIAABAIewHpbLXbAAAAHgAAAAJACQAAAAAAAAAAAAAACEDAABtZXRhLmpzb24KACAAAAAAAAEAGAAAgD7V3rGdAQCAPtXesZ0BAIA+1d6xnQFQSwUGAAAAAAMAAwAcAQAA2AMAAAAA
      objectReference: {fileID: 0}
    m_RemovedComponents: []
  m_ParentPrefab: {fileID: 100100000, guid: b8211add4e1b63d4bb7afc2d547f118f, type: 2}
  m_IsPrefabParent: 0
--- !u!1 &1092942524
GameObject:
  m_ObjectHideFlags: 0
  m_PrefabParentObject: {fileID: 1938979565468814, guid: 56af6d16878d403418722ef5172456f6,
    type: 2}
  m_PrefabInternal: {fileID: 0}
  serializedVersion: 5
  m_Component:
  - component: {fileID: 1092942525}
  - component: {fileID: 1092942526}
  m_Layer: 8
  m_Name: unit_shadow
  m_TagString: Untagged
  m_Icon: {fileID: 0}
  m_NavMeshLayer: 0
  m_StaticEditorFlags: 0
  m_IsActive: 1
--- !u!4 &1092942525
Transform:
  m_ObjectHideFlags: 0
  m_PrefabParentObject: {fileID: 4609064581039660, guid: 56af6d16878d403418722ef5172456f6,
    type: 2}
  m_PrefabInternal: {fileID: 0}
  m_GameObject: {fileID: 1092942524}
  m_LocalRotation: {x: 0.7071068, y: -0, z: -0, w: 0.7071068}
  m_LocalPosition: {x: 0, y: 0, z: 0}
  m_LocalScale: {x: 1, y: 0.5000001, z: 1.0000002}
  m_Children: []
  m_Father: {fileID: 1366906222}
  m_RootOrder: 1
  m_LocalEulerAnglesHint: {x: 0, y: 0, z: 0}
--- !u!212 &1092942526
SpriteRenderer:
  m_ObjectHideFlags: 0
  m_PrefabParentObject: {fileID: 212227821778353738, guid: 56af6d16878d403418722ef5172456f6,
    type: 2}
  m_PrefabInternal: {fileID: 0}
  m_GameObject: {fileID: 1092942524}
  m_Enabled: 1
  m_CastShadows: 0
  m_ReceiveShadows: 0
  m_DynamicOccludee: 1
  m_MotionVectors: 1
  m_LightProbeUsage: 1
  m_ReflectionProbeUsage: 1
  m_Materials:
  - {fileID: 10754, guid: 0000000000000000f000000000000000, type: 0}
  m_StaticBatchInfo:
    firstSubMesh: 0
    subMeshCount: 0
  m_StaticBatchRoot: {fileID: 0}
  m_ProbeAnchor: {fileID: 0}
  m_LightProbeVolumeOverride: {fileID: 0}
  m_ScaleInLightmap: 1
  m_PreserveUVs: 0
  m_IgnoreNormalsForChartDetection: 0
  m_ImportantGI: 0
  m_StitchLightmapSeams: 0
  m_SelectedEditorRenderState: 0
  m_MinimumChartSize: 4
  m_AutoUVMaxDistance: 0.5
  m_AutoUVMaxAngle: 89
  m_LightmapParameters: {fileID: 0}
  m_SortingLayerID: 669513235
  m_SortingLayer: 1
  m_SortingOrder: 0
  m_Sprite: {fileID: 21300110, guid: 449e62097422e4889baf4f7f5847da50, type: 3}
  m_Color: {r: 0, g: 0, b: 0, a: 0.49803922}
  m_FlipX: 0
  m_FlipY: 0
  m_DrawMode: 0
  m_Size: {x: 0.84, y: 0.84}
  m_AdaptiveModeThreshold: 0.5
  m_SpriteTileMode: 0
  m_WasSpriteAssigned: 1
  m_MaskInteraction: 0
--- !u!1001 &1152889439
Prefab:
  m_ObjectHideFlags: 0
  serializedVersion: 2
  m_Modification:
    m_TransformParent: {fileID: 0}
    m_Modifications:
    - target: {fileID: 4134044132774122, guid: 13df9c48c28bfb14a8a95f1403119542, type: 2}
      propertyPath: m_LocalPosition.x
      value: 0
      objectReference: {fileID: 0}
    - target: {fileID: 4134044132774122, guid: 13df9c48c28bfb14a8a95f1403119542, type: 2}
      propertyPath: m_LocalPosition.y
      value: 0
      objectReference: {fileID: 0}
    - target: {fileID: 4134044132774122, guid: 13df9c48c28bfb14a8a95f1403119542, type: 2}
      propertyPath: m_LocalPosition.z
      value: 0
      objectReference: {fileID: 0}
    - target: {fileID: 4134044132774122, guid: 13df9c48c28bfb14a8a95f1403119542, type: 2}
      propertyPath: m_LocalRotation.x
      value: -0
      objectReference: {fileID: 0}
    - target: {fileID: 4134044132774122, guid: 13df9c48c28bfb14a8a95f1403119542, type: 2}
      propertyPath: m_LocalRotation.y
      value: -0
      objectReference: {fileID: 0}
    - target: {fileID: 4134044132774122, guid: 13df9c48c28bfb14a8a95f1403119542, type: 2}
      propertyPath: m_LocalRotation.z
      value: -0
      objectReference: {fileID: 0}
    - target: {fileID: 4134044132774122, guid: 13df9c48c28bfb14a8a95f1403119542, type: 2}
      propertyPath: m_LocalRotation.w
      value: 1
      objectReference: {fileID: 0}
    - target: {fileID: 4134044132774122, guid: 13df9c48c28bfb14a8a95f1403119542, type: 2}
      propertyPath: m_RootOrder
      value: 10
      objectReference: {fileID: 0}
    m_RemovedComponents: []
  m_ParentPrefab: {fileID: 100100000, guid: 13df9c48c28bfb14a8a95f1403119542, type: 2}
  m_IsPrefabParent: 0
--- !u!1001 &1366906221
Prefab:
  m_ObjectHideFlags: 0
  serializedVersion: 2
  m_Modification:
    m_TransformParent: {fileID: 0}
    m_Modifications:
    - target: {fileID: 114939593643489228, guid: 56af6d16878d403418722ef5172456f6,
        type: 2}
      propertyPath: eventPages.Array.size
      value: 3
      objectReference: {fileID: 0}
    - target: {fileID: 114939593643489228, guid: 56af6d16878d403418722ef5172456f6,
        type: 2}
      propertyPath: eventPages.Array.data[1].commands.Array.size
      value: 10
      objectReference: {fileID: 0}
    - target: {fileID: 114939593643489228, guid: 56af6d16878d403418722ef5172456f6,
        type: 2}
      propertyPath: eventPages.Array.data[2].switches.Array.size
      value: 1
      objectReference: {fileID: 0}
    - target: {fileID: 114939593643489228, guid: 56af6d16878d403418722ef5172456f6,
        type: 2}
      propertyPath: eventPages.Array.data[2].commands.Array.size
      value: 1
      objectReference: {fileID: 0}
    - target: {fileID: 4305975952202170, guid: 56af6d16878d403418722ef5172456f6, type: 2}
      propertyPath: m_LocalPosition.x
      value: 0
      objectReference: {fileID: 0}
    - target: {fileID: 4305975952202170, guid: 56af6d16878d403418722ef5172456f6, type: 2}
      propertyPath: m_LocalPosition.y
      value: 0
      objectReference: {fileID: 0}
    - target: {fileID: 4305975952202170, guid: 56af6d16878d403418722ef5172456f6, type: 2}
      propertyPath: m_LocalPosition.z
      value: 0
      objectReference: {fileID: 0}
    - target: {fileID: 4305975952202170, guid: 56af6d16878d403418722ef5172456f6, type: 2}
      propertyPath: m_LocalRotation.x
      value: -0
      objectReference: {fileID: 0}
    - target: {fileID: 4305975952202170, guid: 56af6d16878d403418722ef5172456f6, type: 2}
      propertyPath: m_LocalRotation.y
      value: -0
      objectReference: {fileID: 0}
    - target: {fileID: 4305975952202170, guid: 56af6d16878d403418722ef5172456f6, type: 2}
      propertyPath: m_LocalRotation.z
      value: -0
      objectReference: {fileID: 0}
    - target: {fileID: 4305975952202170, guid: 56af6d16878d403418722ef5172456f6, type: 2}
      propertyPath: m_LocalRotation.w
      value: 1
      objectReference: {fileID: 0}
    - target: {fileID: 4305975952202170, guid: 56af6d16878d403418722ef5172456f6, type: 2}
      propertyPath: m_RootOrder
      value: 6
      objectReference: {fileID: 0}
    - target: {fileID: 114939593643489228, guid: 56af6d16878d403418722ef5172456f6,
        type: 2}
      propertyPath: eventPages.Array.data[1].commands.Array.data[8]
      value: addpc$1$1$-5.5,0,0$1,1,1
      objectReference: {fileID: 0}
    - target: {fileID: 114939593643489228, guid: 56af6d16878d403418722ef5172456f6,
        type: 2}
      propertyPath: eventPages.Array.data[1].commands.Array.data[7]
      value: camera$0,0,-10
      objectReference: {fileID: 0}
    - target: {fileID: 114939593643489228, guid: 56af6d16878d403418722ef5172456f6,
        type: 2}
      propertyPath: eventPages.Array.data[1].commands.Array.data[6]
      value: talk$Veronica$Faceset_00_01$Proceed to the next area
      objectReference: {fileID: 0}
    - target: {fileID: 114939593643489228, guid: 56af6d16878d403418722ef5172456f6,
        type: 2}
      propertyPath: eventPages.Array.data[2].switches.Array.data[0].switchName
      value: addveronica
      objectReference: {fileID: 0}
    - target: {fileID: 114939593643489228, guid: 56af6d16878d403418722ef5172456f6,
        type: 2}
      propertyPath: eventPages.Array.data[2].switches.Array.data[0].value
      value: 0
      objectReference: {fileID: 0}
    - target: {fileID: 114939593643489228, guid: 56af6d16878d403418722ef5172456f6,
        type: 2}
      propertyPath: eventPages.Array.data[2].commands.Array.data[0]
      value: destroy
      objectReference: {fileID: 0}
    - target: {fileID: 114939593643489228, guid: 56af6d16878d403418722ef5172456f6,
        type: 2}
      propertyPath: eventPages.Array.data[2].commands.Array.data[1]
      value: talk$Veronica$Faceset_00_01$hello. are you able to follow my instruction?
      objectReference: {fileID: 0}
    - target: {fileID: 114939593643489228, guid: 56af6d16878d403418722ef5172456f6,
        type: 2}
      propertyPath: eventPages.Array.data[2].commands.Array.data[2]
      value: option$Veronica$Faceset_00_01$choose the second option$this is wrong:2$this
        is correct:3
      objectReference: {fileID: 0}
    - target: {fileID: 114939593643489228, guid: 56af6d16878d403418722ef5172456f6,
        type: 2}
      propertyPath: eventPages.Array.data[2].commands.Array.data[3]
      value: gameswitch$addveronica$0
      objectReference: {fileID: 0}
    - target: {fileID: 114939593643489228, guid: 56af6d16878d403418722ef5172456f6,
        type: 2}
      propertyPath: eventPages.Array.data[2].commands.Array.data[4]
      value: talk$Veronica$Faceset_00_01$good. I'll come with you for now
      objectReference: {fileID: 0}
    - target: {fileID: 114939593643489228, guid: 56af6d16878d403418722ef5172456f6,
        type: 2}
      propertyPath: eventPages.Array.data[2].commands.Array.data[5]
      value: talk$Veronica$Faceset_00_01$Hold and release to select another unit
      objectReference: {fileID: 0}
    - target: {fileID: 114939593643489228, guid: 56af6d16878d403418722ef5172456f6,
        type: 2}
      propertyPath: eventPages.Array.data[2].commands.Array.data[6]
      value: talk$Veronica$Faceset_00_01$For now, go to that blue box to go to the
        next area
      objectReference: {fileID: 0}
    - target: {fileID: 114939593643489228, guid: 56af6d16878d403418722ef5172456f6,
        type: 2}
      propertyPath: eventPages.Array.data[2].commands.Array.data[7]
      value: addpc$1$1$-5.5,0,0
      objectReference: {fileID: 0}
    - target: {fileID: 114939593643489228, guid: 56af6d16878d403418722ef5172456f6,
        type: 2}
      propertyPath: eventPages.Array.data[2].commands.Array.data[8]
      value: selfswitch$interacted$1
      objectReference: {fileID: 0}
    - target: {fileID: 114939593643489228, guid: 56af6d16878d403418722ef5172456f6,
        type: 2}
      propertyPath: eventPages.Array.data[2].trigger
      value: 2
      objectReference: {fileID: 0}
    - target: {fileID: 114939593643489228, guid: 56af6d16878d403418722ef5172456f6,
        type: 2}
      propertyPath: eventPages.Array.data[1].commands.Array.data[9]
      value: selfswitch$interacted$1
      objectReference: {fileID: 0}
    - target: {fileID: 114939593643489228, guid: 56af6d16878d403418722ef5172456f6,
        type: 2}
      propertyPath: eventPages.Array.data[1].commands.Array.data[10]
      value: selfswitch$interacted$1
      objectReference: {fileID: 0}
    - target: {fileID: 212227821778353738, guid: 56af6d16878d403418722ef5172456f6,
        type: 2}
      propertyPath: m_SortingLayerID
      value: 669513235
      objectReference: {fileID: 0}
    - target: {fileID: 212227821778353738, guid: 56af6d16878d403418722ef5172456f6,
        type: 2}
      propertyPath: m_SortingLayer
      value: 1
      objectReference: {fileID: 0}
    - target: {fileID: 1195823800856498, guid: 56af6d16878d403418722ef5172456f6, type: 2}
      propertyPath: m_IsActive
      value: 1
      objectReference: {fileID: 0}
    - target: {fileID: 1315215406654140, guid: 56af6d16878d403418722ef5172456f6, type: 2}
      propertyPath: m_Layer
      value: 8
      objectReference: {fileID: 0}
    - target: {fileID: 1347465700374950, guid: 56af6d16878d403418722ef5172456f6, type: 2}
      propertyPath: m_Layer
      value: 8
      objectReference: {fileID: 0}
    - target: {fileID: 1789162861201678, guid: 56af6d16878d403418722ef5172456f6, type: 2}
      propertyPath: m_Layer
      value: 8
      objectReference: {fileID: 0}
    - target: {fileID: 1807913378018344, guid: 56af6d16878d403418722ef5172456f6, type: 2}
      propertyPath: m_Layer
      value: 8
      objectReference: {fileID: 0}
    - target: {fileID: 1204006779221952, guid: 56af6d16878d403418722ef5172456f6, type: 2}
      propertyPath: m_Layer
      value: 8
      objectReference: {fileID: 0}
    - target: {fileID: 1823971641973720, guid: 56af6d16878d403418722ef5172456f6, type: 2}
      propertyPath: m_Layer
      value: 8
      objectReference: {fileID: 0}
    - target: {fileID: 1703867440291862, guid: 56af6d16878d403418722ef5172456f6, type: 2}
      propertyPath: m_Layer
      value: 8
      objectReference: {fileID: 0}
    - target: {fileID: 1476236851367626, guid: 56af6d16878d403418722ef5172456f6, type: 2}
      propertyPath: m_Layer
      value: 8
      objectReference: {fileID: 0}
    - target: {fileID: 1080845218018820, guid: 56af6d16878d403418722ef5172456f6, type: 2}
      propertyPath: m_Layer
      value: 8
      objectReference: {fileID: 0}
    - target: {fileID: 1074448403607992, guid: 56af6d16878d403418722ef5172456f6, type: 2}
      propertyPath: m_Layer
      value: 8
      objectReference: {fileID: 0}
    - target: {fileID: 1529636474858748, guid: 56af6d16878d403418722ef5172456f6, type: 2}
      propertyPath: m_Layer
      value: 8
      objectReference: {fileID: 0}
    - target: {fileID: 1171998829928336, guid: 56af6d16878d403418722ef5172456f6, type: 2}
      propertyPath: m_Layer
      value: 8
      objectReference: {fileID: 0}
    - target: {fileID: 1907141476734260, guid: 56af6d16878d403418722ef5172456f6, type: 2}
      propertyPath: m_Layer
      value: 8
      objectReference: {fileID: 0}
    - target: {fileID: 1692690770604078, guid: 56af6d16878d403418722ef5172456f6, type: 2}
      propertyPath: m_Layer
      value: 8
      objectReference: {fileID: 0}
    - target: {fileID: 1572919913765584, guid: 56af6d16878d403418722ef5172456f6, type: 2}
      propertyPath: m_Layer
      value: 8
      objectReference: {fileID: 0}
    - target: {fileID: 1457587530194008, guid: 56af6d16878d403418722ef5172456f6, type: 2}
      propertyPath: m_Layer
      value: 8
      objectReference: {fileID: 0}
    - target: {fileID: 1587104939725934, guid: 56af6d16878d403418722ef5172456f6, type: 2}
      propertyPath: m_Layer
      value: 8
      objectReference: {fileID: 0}
    - target: {fileID: 1363803883218198, guid: 56af6d16878d403418722ef5172456f6, type: 2}
      propertyPath: m_Layer
      value: 8
      objectReference: {fileID: 0}
    - target: {fileID: 1577877907161168, guid: 56af6d16878d403418722ef5172456f6, type: 2}
      propertyPath: m_Layer
      value: 8
      objectReference: {fileID: 0}
    - target: {fileID: 1459249787516046, guid: 56af6d16878d403418722ef5172456f6, type: 2}
      propertyPath: m_Layer
      value: 8
      objectReference: {fileID: 0}
    - target: {fileID: 1408640391807852, guid: 56af6d16878d403418722ef5172456f6, type: 2}
      propertyPath: m_Layer
      value: 8
      objectReference: {fileID: 0}
    - target: {fileID: 1575060214144304, guid: 56af6d16878d403418722ef5172456f6, type: 2}
      propertyPath: m_Layer
      value: 8
      objectReference: {fileID: 0}
    - target: {fileID: 1189921305305164, guid: 56af6d16878d403418722ef5172456f6, type: 2}
      propertyPath: m_Layer
      value: 8
      objectReference: {fileID: 0}
    - target: {fileID: 1664659103719624, guid: 56af6d16878d403418722ef5172456f6, type: 2}
      propertyPath: m_Layer
      value: 8
      objectReference: {fileID: 0}
    - target: {fileID: 1628397620039612, guid: 56af6d16878d403418722ef5172456f6, type: 2}
      propertyPath: m_Layer
      value: 8
      objectReference: {fileID: 0}
    - target: {fileID: 1644639064554656, guid: 56af6d16878d403418722ef5172456f6, type: 2}
      propertyPath: m_Layer
      value: 8
      objectReference: {fileID: 0}
    - target: {fileID: 1701481769068324, guid: 56af6d16878d403418722ef5172456f6, type: 2}
      propertyPath: m_Layer
      value: 8
      objectReference: {fileID: 0}
    - target: {fileID: 1522129833512298, guid: 56af6d16878d403418722ef5172456f6, type: 2}
      propertyPath: m_Layer
      value: 8
      objectReference: {fileID: 0}
    - target: {fileID: 1460254616213864, guid: 56af6d16878d403418722ef5172456f6, type: 2}
      propertyPath: m_Layer
      value: 8
      objectReference: {fileID: 0}
    - target: {fileID: 1775609575763308, guid: 56af6d16878d403418722ef5172456f6, type: 2}
      propertyPath: m_Layer
      value: 8
      objectReference: {fileID: 0}
    - target: {fileID: 1215490236429772, guid: 56af6d16878d403418722ef5172456f6, type: 2}
      propertyPath: m_Layer
      value: 8
      objectReference: {fileID: 0}
    - target: {fileID: 1520637200103296, guid: 56af6d16878d403418722ef5172456f6, type: 2}
      propertyPath: m_Layer
      value: 8
      objectReference: {fileID: 0}
    - target: {fileID: 1970048965401556, guid: 56af6d16878d403418722ef5172456f6, type: 2}
      propertyPath: m_Layer
      value: 8
      objectReference: {fileID: 0}
    - target: {fileID: 1794216587581174, guid: 56af6d16878d403418722ef5172456f6, type: 2}
      propertyPath: m_Layer
      value: 8
      objectReference: {fileID: 0}
    - target: {fileID: 1884268818160134, guid: 56af6d16878d403418722ef5172456f6, type: 2}
      propertyPath: m_Layer
      value: 8
      objectReference: {fileID: 0}
    - target: {fileID: 1463972248283706, guid: 56af6d16878d403418722ef5172456f6, type: 2}
      propertyPath: m_Layer
      value: 8
      objectReference: {fileID: 0}
    - target: {fileID: 1891468783568510, guid: 56af6d16878d403418722ef5172456f6, type: 2}
      propertyPath: m_Layer
      value: 8
      objectReference: {fileID: 0}
    - target: {fileID: 1169205250540900, guid: 56af6d16878d403418722ef5172456f6, type: 2}
      propertyPath: m_Layer
      value: 8
      objectReference: {fileID: 0}
    - target: {fileID: 1961846632263534, guid: 56af6d16878d403418722ef5172456f6, type: 2}
      propertyPath: m_Layer
      value: 8
      objectReference: {fileID: 0}
    - target: {fileID: 1339649134825172, guid: 56af6d16878d403418722ef5172456f6, type: 2}
      propertyPath: m_Layer
      value: 8
      objectReference: {fileID: 0}
    - target: {fileID: 1563956240325462, guid: 56af6d16878d403418722ef5172456f6, type: 2}
      propertyPath: m_Layer
      value: 8
      objectReference: {fileID: 0}
    - target: {fileID: 1881297508505828, guid: 56af6d16878d403418722ef5172456f6, type: 2}
      propertyPath: m_Layer
      value: 8
      objectReference: {fileID: 0}
    - target: {fileID: 1732767051753282, guid: 56af6d16878d403418722ef5172456f6, type: 2}
      propertyPath: m_Layer
      value: 8
      objectReference: {fileID: 0}
    - target: {fileID: 1682275561496940, guid: 56af6d16878d403418722ef5172456f6, type: 2}
      propertyPath: m_Layer
      value: 8
      objectReference: {fileID: 0}
    - target: {fileID: 1034473656932348, guid: 56af6d16878d403418722ef5172456f6, type: 2}
      propertyPath: m_Layer
      value: 8
      objectReference: {fileID: 0}
    - target: {fileID: 1733014244311942, guid: 56af6d16878d403418722ef5172456f6, type: 2}
      propertyPath: m_Layer
      value: 8
      objectReference: {fileID: 0}
    - target: {fileID: 1311535469911054, guid: 56af6d16878d403418722ef5172456f6, type: 2}
      propertyPath: m_Layer
      value: 8
      objectReference: {fileID: 0}
    - target: {fileID: 1214350123288538, guid: 56af6d16878d403418722ef5172456f6, type: 2}
      propertyPath: m_Layer
      value: 8
      objectReference: {fileID: 0}
    - target: {fileID: 1734864384228882, guid: 56af6d16878d403418722ef5172456f6, type: 2}
      propertyPath: m_Layer
      value: 8
      objectReference: {fileID: 0}
    - target: {fileID: 1745553675554602, guid: 56af6d16878d403418722ef5172456f6, type: 2}
      propertyPath: m_Layer
      value: 8
      objectReference: {fileID: 0}
    - target: {fileID: 1900937979371114, guid: 56af6d16878d403418722ef5172456f6, type: 2}
      propertyPath: m_Layer
      value: 8
      objectReference: {fileID: 0}
    - target: {fileID: 1938979565468814, guid: 56af6d16878d403418722ef5172456f6, type: 2}
      propertyPath: m_Layer
      value: 8
      objectReference: {fileID: 0}
    - target: {fileID: 1450898580760040, guid: 56af6d16878d403418722ef5172456f6, type: 2}
      propertyPath: m_Layer
      value: 8
      objectReference: {fileID: 0}
    - target: {fileID: 1642130457424810, guid: 56af6d16878d403418722ef5172456f6, type: 2}
      propertyPath: m_Layer
      value: 8
      objectReference: {fileID: 0}
    - target: {fileID: 1262192243051170, guid: 56af6d16878d403418722ef5172456f6, type: 2}
      propertyPath: m_Layer
      value: 8
      objectReference: {fileID: 0}
    - target: {fileID: 1690250838302518, guid: 56af6d16878d403418722ef5172456f6, type: 2}
      propertyPath: m_Layer
      value: 8
      objectReference: {fileID: 0}
    - target: {fileID: 1759008229040648, guid: 56af6d16878d403418722ef5172456f6, type: 2}
      propertyPath: m_Layer
      value: 8
      objectReference: {fileID: 0}
    - target: {fileID: 1294055915694284, guid: 56af6d16878d403418722ef5172456f6, type: 2}
      propertyPath: m_Layer
      value: 8
      objectReference: {fileID: 0}
    - target: {fileID: 1885717270539052, guid: 56af6d16878d403418722ef5172456f6, type: 2}
      propertyPath: m_Layer
      value: 8
      objectReference: {fileID: 0}
    - target: {fileID: 1027689163597136, guid: 56af6d16878d403418722ef5172456f6, type: 2}
      propertyPath: m_Layer
      value: 8
      objectReference: {fileID: 0}
    - target: {fileID: 1732215953191988, guid: 56af6d16878d403418722ef5172456f6, type: 2}
      propertyPath: m_Layer
      value: 8
      objectReference: {fileID: 0}
    - target: {fileID: 1995405898546680, guid: 56af6d16878d403418722ef5172456f6, type: 2}
      propertyPath: m_Layer
      value: 8
      objectReference: {fileID: 0}
    - target: {fileID: 1522411693109210, guid: 56af6d16878d403418722ef5172456f6, type: 2}
      propertyPath: m_Layer
      value: 8
      objectReference: {fileID: 0}
    - target: {fileID: 1195823800856498, guid: 56af6d16878d403418722ef5172456f6, type: 2}
      propertyPath: m_Layer
      value: 8
      objectReference: {fileID: 0}
    - target: {fileID: 1034419621631888, guid: 56af6d16878d403418722ef5172456f6, type: 2}
      propertyPath: m_Layer
      value: 8
      objectReference: {fileID: 0}
    - target: {fileID: 1954876454383296, guid: 56af6d16878d403418722ef5172456f6, type: 2}
      propertyPath: m_Layer
      value: 8
      objectReference: {fileID: 0}
    - target: {fileID: 1851964383770240, guid: 56af6d16878d403418722ef5172456f6, type: 2}
      propertyPath: m_Layer
      value: 8
      objectReference: {fileID: 0}
    - target: {fileID: 1545183056985318, guid: 56af6d16878d403418722ef5172456f6, type: 2}
      propertyPath: m_Layer
      value: 8
      objectReference: {fileID: 0}
    - target: {fileID: 1267450473123386, guid: 56af6d16878d403418722ef5172456f6, type: 2}
      propertyPath: m_Layer
      value: 8
      objectReference: {fileID: 0}
    - target: {fileID: 1760933228581380, guid: 56af6d16878d403418722ef5172456f6, type: 2}
      propertyPath: m_Layer
      value: 8
      objectReference: {fileID: 0}
    - target: {fileID: 210090480348051132, guid: 56af6d16878d403418722ef5172456f6,
        type: 2}
      propertyPath: m_SortingLayerID
      value: -1046357837
      objectReference: {fileID: 0}
    - target: {fileID: 210090480348051132, guid: 56af6d16878d403418722ef5172456f6,
        type: 2}
      propertyPath: m_SortingLayer
      value: 4
      objectReference: {fileID: 0}
    - target: {fileID: 4556062235856088, guid: 56af6d16878d403418722ef5172456f6, type: 2}
      propertyPath: m_LocalPosition.y
      value: 0
      objectReference: {fileID: 0}
    - target: {fileID: 4417813126061580, guid: 56af6d16878d403418722ef5172456f6, type: 2}
      propertyPath: m_LocalPosition.y
      value: 0.772
      objectReference: {fileID: 0}
    - target: {fileID: 4031798486295316, guid: 56af6d16878d403418722ef5172456f6, type: 2}
      propertyPath: m_LocalPosition.y
      value: 1.624
      objectReference: {fileID: 0}
    - target: {fileID: 114939593643489228, guid: 56af6d16878d403418722ef5172456f6,
        type: 2}
      propertyPath: size
      value: 0.5
      objectReference: {fileID: 0}
    - target: {fileID: 114939593643489228, guid: 56af6d16878d403418722ef5172456f6,
        type: 2}
      propertyPath: eventPages.Array.data[1].commands.Array.data[1]
      value: talk$Veronica$Faceset_00_01$Hello!
      objectReference: {fileID: 0}
    - target: {fileID: 114939593643489228, guid: 56af6d16878d403418722ef5172456f6,
        type: 2}
      propertyPath: eventPages.Array.data[1].commands.Array.data[4]
      value: talk$Veronica$Faceset_00_01$Hold and release to select another unit
      objectReference: {fileID: 0}
    - target: {fileID: 114939593643489228, guid: 56af6d16878d403418722ef5172456f6,
        type: 2}
      propertyPath: eventPages.Array.data[1].commands.Array.data[5]
      value: camera$7.7,0,-10
      objectReference: {fileID: 0}
    m_RemovedComponents: []
  m_ParentPrefab: {fileID: 100100000, guid: 56af6d16878d403418722ef5172456f6, type: 2}
  m_IsPrefabParent: 0
--- !u!4 &1366906222 stripped
Transform:
  m_PrefabParentObject: {fileID: 4308912879588392, guid: 56af6d16878d403418722ef5172456f6,
    type: 2}
  m_PrefabInternal: {fileID: 1366906221}
--- !u!1001 &1904211968
Prefab:
  m_ObjectHideFlags: 0
  serializedVersion: 2
  m_Modification:
    m_TransformParent: {fileID: 0}
    m_Modifications:
    - target: {fileID: 4338707567294556, guid: 6af56f6918943714aa2fbc40a3946917, type: 2}
      propertyPath: m_LocalPosition.x
      value: 362.71155
      objectReference: {fileID: 0}
    - target: {fileID: 4338707567294556, guid: 6af56f6918943714aa2fbc40a3946917, type: 2}
      propertyPath: m_LocalPosition.y
      value: 74.62935
      objectReference: {fileID: 0}
    - target: {fileID: 4338707567294556, guid: 6af56f6918943714aa2fbc40a3946917, type: 2}
      propertyPath: m_LocalPosition.z
      value: 0
      objectReference: {fileID: 0}
    - target: {fileID: 4338707567294556, guid: 6af56f6918943714aa2fbc40a3946917, type: 2}
      propertyPath: m_LocalRotation.x
      value: 0
      objectReference: {fileID: 0}
    - target: {fileID: 4338707567294556, guid: 6af56f6918943714aa2fbc40a3946917, type: 2}
      propertyPath: m_LocalRotation.y
      value: 0
      objectReference: {fileID: 0}
    - target: {fileID: 4338707567294556, guid: 6af56f6918943714aa2fbc40a3946917, type: 2}
      propertyPath: m_LocalRotation.z
      value: 0
      objectReference: {fileID: 0}
    - target: {fileID: 4338707567294556, guid: 6af56f6918943714aa2fbc40a3946917, type: 2}
      propertyPath: m_LocalRotation.w
      value: 1
      objectReference: {fileID: 0}
    - target: {fileID: 4338707567294556, guid: 6af56f6918943714aa2fbc40a3946917, type: 2}
      propertyPath: m_RootOrder
      value: 8
      objectReference: {fileID: 0}
    m_RemovedComponents: []
  m_ParentPrefab: {fileID: 100100000, guid: 6af56f6918943714aa2fbc40a3946917, type: 2}
  m_IsPrefabParent: 0
--- !u!1001 &1964249986
Prefab:
  m_ObjectHideFlags: 0
  serializedVersion: 2
  m_Modification:
    m_TransformParent: {fileID: 0}
    m_Modifications:
    - target: {fileID: 224090252756001968, guid: 84ccfde8411fb2a40b014b97daf14885,
        type: 2}
      propertyPath: m_LocalPosition.x
      value: 960
      objectReference: {fileID: 0}
    - target: {fileID: 224090252756001968, guid: 84ccfde8411fb2a40b014b97daf14885,
        type: 2}
      propertyPath: m_LocalPosition.y
      value: 540
      objectReference: {fileID: 0}
    - target: {fileID: 224090252756001968, guid: 84ccfde8411fb2a40b014b97daf14885,
        type: 2}
      propertyPath: m_LocalPosition.z
      value: 0
      objectReference: {fileID: 0}
    - target: {fileID: 224090252756001968, guid: 84ccfde8411fb2a40b014b97daf14885,
        type: 2}
      propertyPath: m_LocalRotation.x
      value: 0
      objectReference: {fileID: 0}
    - target: {fileID: 224090252756001968, guid: 84ccfde8411fb2a40b014b97daf14885,
        type: 2}
      propertyPath: m_LocalRotation.y
      value: 0
      objectReference: {fileID: 0}
    - target: {fileID: 224090252756001968, guid: 84ccfde8411fb2a40b014b97daf14885,
        type: 2}
      propertyPath: m_LocalRotation.z
      value: 0
      objectReference: {fileID: 0}
    - target: {fileID: 224090252756001968, guid: 84ccfde8411fb2a40b014b97daf14885,
        type: 2}
      propertyPath: m_LocalRotation.w
      value: 1
      objectReference: {fileID: 0}
    - target: {fileID: 224090252756001968, guid: 84ccfde8411fb2a40b014b97daf14885,
        type: 2}
      propertyPath: m_RootOrder
      value: 5
      objectReference: {fileID: 0}
    - target: {fileID: 224090252756001968, guid: 84ccfde8411fb2a40b014b97daf14885,
        type: 2}
      propertyPath: m_AnchoredPosition.x
      value: 0
      objectReference: {fileID: 0}
    - target: {fileID: 224090252756001968, guid: 84ccfde8411fb2a40b014b97daf14885,
        type: 2}
      propertyPath: m_AnchoredPosition.y
      value: 0
      objectReference: {fileID: 0}
    - target: {fileID: 224090252756001968, guid: 84ccfde8411fb2a40b014b97daf14885,
        type: 2}
      propertyPath: m_SizeDelta.x
      value: 0
      objectReference: {fileID: 0}
    - target: {fileID: 224090252756001968, guid: 84ccfde8411fb2a40b014b97daf14885,
        type: 2}
      propertyPath: m_SizeDelta.y
      value: 0
      objectReference: {fileID: 0}
    - target: {fileID: 224090252756001968, guid: 84ccfde8411fb2a40b014b97daf14885,
        type: 2}
      propertyPath: m_AnchorMin.x
      value: 0
      objectReference: {fileID: 0}
    - target: {fileID: 224090252756001968, guid: 84ccfde8411fb2a40b014b97daf14885,
        type: 2}
      propertyPath: m_AnchorMin.y
      value: 0
      objectReference: {fileID: 0}
    - target: {fileID: 224090252756001968, guid: 84ccfde8411fb2a40b014b97daf14885,
        type: 2}
      propertyPath: m_AnchorMax.x
      value: 0
      objectReference: {fileID: 0}
    - target: {fileID: 224090252756001968, guid: 84ccfde8411fb2a40b014b97daf14885,
        type: 2}
      propertyPath: m_AnchorMax.y
      value: 0
      objectReference: {fileID: 0}
    - target: {fileID: 224090252756001968, guid: 84ccfde8411fb2a40b014b97daf14885,
        type: 2}
      propertyPath: m_Pivot.x
      value: 0
      objectReference: {fileID: 0}
    - target: {fileID: 224090252756001968, guid: 84ccfde8411fb2a40b014b97daf14885,
        type: 2}
      propertyPath: m_Pivot.y
      value: 0
      objectReference: {fileID: 0}
    - target: {fileID: 224235475200763266, guid: 84ccfde8411fb2a40b014b97daf14885,
        type: 2}
      propertyPath: m_LocalPosition.y
      value: 44.506996
      objectReference: {fileID: 0}
    - target: {fileID: 224653236834128360, guid: 84ccfde8411fb2a40b014b97daf14885,
        type: 2}
      propertyPath: m_LocalPosition.y
      value: 87.44843
      objectReference: {fileID: 0}
    - target: {fileID: 224085966674824422, guid: 84ccfde8411fb2a40b014b97daf14885,
        type: 2}
      propertyPath: m_LocalPosition.y
      value: 44.506996
      objectReference: {fileID: 0}
    - target: {fileID: 224860238922316562, guid: 84ccfde8411fb2a40b014b97daf14885,
        type: 2}
      propertyPath: m_LocalPosition.y
      value: -188.92264
      objectReference: {fileID: 0}
    - target: {fileID: 224928706877487506, guid: 84ccfde8411fb2a40b014b97daf14885,
        type: 2}
      propertyPath: m_LocalPosition.y
      value: -188.92264
      objectReference: {fileID: 0}
    - target: {fileID: 224702138004622060, guid: 84ccfde8411fb2a40b014b97daf14885,
        type: 2}
      propertyPath: m_LocalPosition.y
      value: -188.92264
      objectReference: {fileID: 0}
    - target: {fileID: 224086460456023750, guid: 84ccfde8411fb2a40b014b97daf14885,
        type: 2}
      propertyPath: m_LocalPosition.y
      value: -188.92264
      objectReference: {fileID: 0}
    - target: {fileID: 224914500825855398, guid: 84ccfde8411fb2a40b014b97daf14885,
        type: 2}
      propertyPath: m_LocalPosition.y
      value: 197.42264
      objectReference: {fileID: 0}
    - target: {fileID: 224426714756551782, guid: 84ccfde8411fb2a40b014b97daf14885,
        type: 2}
      propertyPath: m_LocalPosition.y
      value: -197.42264
      objectReference: {fileID: 0}
    - target: {fileID: 224546303604358014, guid: 84ccfde8411fb2a40b014b97daf14885,
        type: 2}
      propertyPath: m_LocalPosition.y
      value: 197.42264
      objectReference: {fileID: 0}
    - target: {fileID: 224272639163627630, guid: 84ccfde8411fb2a40b014b97daf14885,
        type: 2}
      propertyPath: m_LocalPosition.y
      value: -451.5774
      objectReference: {fileID: 0}
    - target: {fileID: 224898750912564432, guid: 84ccfde8411fb2a40b014b97daf14885,
        type: 2}
      propertyPath: m_LocalPosition.y
      value: -401.57736
      objectReference: {fileID: 0}
    - target: {fileID: 224954695128392824, guid: 84ccfde8411fb2a40b014b97daf14885,
        type: 2}
      propertyPath: m_LocalPosition.y
      value: -331.57736
      objectReference: {fileID: 0}
    - target: {fileID: 224091087413780204, guid: 84ccfde8411fb2a40b014b97daf14885,
        type: 2}
      propertyPath: m_LocalPosition.y
      value: -261.57736
      objectReference: {fileID: 0}
    - target: {fileID: 224704842179700728, guid: 84ccfde8411fb2a40b014b97daf14885,
        type: 2}
      propertyPath: m_LocalPosition.y
      value: -111.57736
      objectReference: {fileID: 0}
    - target: {fileID: 224168663633551578, guid: 84ccfde8411fb2a40b014b97daf14885,
        type: 2}
      propertyPath: m_LocalPosition.y
      value: -261.5774
      objectReference: {fileID: 0}
    - target: {fileID: 224208721817851276, guid: 84ccfde8411fb2a40b014b97daf14885,
        type: 2}
      propertyPath: m_LocalPosition.y
      value: -141.57736
      objectReference: {fileID: 0}
    - target: {fileID: 224957210895789780, guid: 84ccfde8411fb2a40b014b97daf14885,
        type: 2}
      propertyPath: m_LocalPosition.y
      value: -111.57736
      objectReference: {fileID: 0}
    - target: {fileID: 224383015661228206, guid: 84ccfde8411fb2a40b014b97daf14885,
        type: 2}
      propertyPath: m_LocalPosition.y
      value: -355.57736
      objectReference: {fileID: 0}
    - target: {fileID: 224014527062053068, guid: 84ccfde8411fb2a40b014b97daf14885,
        type: 2}
      propertyPath: m_LocalPosition.y
      value: -305.57736
      objectReference: {fileID: 0}
    - target: {fileID: 224088647630887120, guid: 84ccfde8411fb2a40b014b97daf14885,
        type: 2}
      propertyPath: m_LocalPosition.y
      value: -235.57736
      objectReference: {fileID: 0}
    - target: {fileID: 224918210502696370, guid: 84ccfde8411fb2a40b014b97daf14885,
        type: 2}
      propertyPath: m_LocalPosition.y
      value: -165.57736
      objectReference: {fileID: 0}
    - target: {fileID: 224705148791192102, guid: 84ccfde8411fb2a40b014b97daf14885,
        type: 2}
      propertyPath: m_LocalPosition.y
      value: -165.57736
      objectReference: {fileID: 0}
    - target: {fileID: 224023842460717906, guid: 84ccfde8411fb2a40b014b97daf14885,
        type: 2}
      propertyPath: m_LocalPosition.y
      value: -45.577362
      objectReference: {fileID: 0}
    - target: {fileID: 224163435276509734, guid: 84ccfde8411fb2a40b014b97daf14885,
        type: 2}
      propertyPath: m_LocalPosition.y
      value: -15.577362
      objectReference: {fileID: 0}
    - target: {fileID: 224009660847155094, guid: 84ccfde8411fb2a40b014b97daf14885,
        type: 2}
      propertyPath: m_LocalPosition.y
      value: 197.42264
      objectReference: {fileID: 0}
    - target: {fileID: 224909919217317178, guid: 84ccfde8411fb2a40b014b97daf14885,
        type: 2}
      propertyPath: m_LocalPosition.y
      value: -197.42264
      objectReference: {fileID: 0}
    - target: {fileID: 224867860399939858, guid: 84ccfde8411fb2a40b014b97daf14885,
        type: 2}
      propertyPath: m_LocalPosition.y
      value: 197.42264
      objectReference: {fileID: 0}
    - target: {fileID: 224897248859236668, guid: 84ccfde8411fb2a40b014b97daf14885,
        type: 2}
      propertyPath: m_LocalPosition.y
      value: 197.42264
      objectReference: {fileID: 0}
    - target: {fileID: 224048855875230402, guid: 84ccfde8411fb2a40b014b97daf14885,
        type: 2}
      propertyPath: m_LocalPosition.y
      value: -197.42264
      objectReference: {fileID: 0}
    - target: {fileID: 224145602405671890, guid: 84ccfde8411fb2a40b014b97daf14885,
        type: 2}
      propertyPath: m_LocalPosition.y
      value: 197.42264
      objectReference: {fileID: 0}
    - target: {fileID: 224938708340861788, guid: 84ccfde8411fb2a40b014b97daf14885,
        type: 2}
      propertyPath: m_LocalPosition.y
      value: -111.57736
      objectReference: {fileID: 0}
    - target: {fileID: 224199084299747410, guid: 84ccfde8411fb2a40b014b97daf14885,
        type: 2}
      propertyPath: m_LocalPosition.y
      value: -15.577362
      objectReference: {fileID: 0}
    - target: {fileID: 224462879684595910, guid: 84ccfde8411fb2a40b014b97daf14885,
        type: 2}
      propertyPath: m_LocalPosition.y
      value: -15.577362
      objectReference: {fileID: 0}
    - target: {fileID: 224341397450126490, guid: 84ccfde8411fb2a40b014b97daf14885,
        type: 2}
      propertyPath: m_LocalPosition.x
      value: 437
      objectReference: {fileID: 0}
    - target: {fileID: 224341397450126490, guid: 84ccfde8411fb2a40b014b97daf14885,
        type: 2}
      propertyPath: m_LocalPosition.y
      value: 197.42264
      objectReference: {fileID: 0}
    - target: {fileID: 224447008991215906, guid: 84ccfde8411fb2a40b014b97daf14885,
        type: 2}
      propertyPath: m_LocalPosition.x
      value: 437
      objectReference: {fileID: 0}
    - target: {fileID: 224447008991215906, guid: 84ccfde8411fb2a40b014b97daf14885,
        type: 2}
      propertyPath: m_LocalPosition.y
      value: 197.42264
      objectReference: {fileID: 0}
    - target: {fileID: 224694714472992912, guid: 84ccfde8411fb2a40b014b97daf14885,
        type: 2}
      propertyPath: m_LocalPosition.x
      value: 437
      objectReference: {fileID: 0}
    - target: {fileID: 224694714472992912, guid: 84ccfde8411fb2a40b014b97daf14885,
        type: 2}
      propertyPath: m_LocalPosition.y
      value: 197.42264
      objectReference: {fileID: 0}
    - target: {fileID: 224821980924221508, guid: 84ccfde8411fb2a40b014b97daf14885,
        type: 2}
      propertyPath: m_LocalPosition.x
      value: 512
      objectReference: {fileID: 0}
    - target: {fileID: 224821980924221508, guid: 84ccfde8411fb2a40b014b97daf14885,
        type: 2}
      propertyPath: m_LocalPosition.y
      value: -272.42264
      objectReference: {fileID: 0}
    - target: {fileID: 224391761425565514, guid: 84ccfde8411fb2a40b014b97daf14885,
        type: 2}
      propertyPath: m_LocalPosition.x
      value: -512
      objectReference: {fileID: 0}
    - target: {fileID: 224391761425565514, guid: 84ccfde8411fb2a40b014b97daf14885,
        type: 2}
      propertyPath: m_LocalPosition.y
      value: -272.42264
      objectReference: {fileID: 0}
    - target: {fileID: 224526688281989776, guid: 84ccfde8411fb2a40b014b97daf14885,
        type: 2}
      propertyPath: m_LocalPosition.x
      value: 437
      objectReference: {fileID: 0}
    - target: {fileID: 224526688281989776, guid: 84ccfde8411fb2a40b014b97daf14885,
        type: 2}
      propertyPath: m_LocalPosition.y
      value: 197.42264
      objectReference: {fileID: 0}
    - target: {fileID: 224316457467993056, guid: 84ccfde8411fb2a40b014b97daf14885,
        type: 2}
      propertyPath: m_LocalPosition.x
      value: 437
      objectReference: {fileID: 0}
    - target: {fileID: 224316457467993056, guid: 84ccfde8411fb2a40b014b97daf14885,
        type: 2}
      propertyPath: m_LocalPosition.y
      value: 197.42264
      objectReference: {fileID: 0}
    - target: {fileID: 224921022663789628, guid: 84ccfde8411fb2a40b014b97daf14885,
        type: 2}
      propertyPath: m_LocalPosition.y
      value: 217.42264
      objectReference: {fileID: 0}
    - target: {fileID: 224684750470952460, guid: 84ccfde8411fb2a40b014b97daf14885,
        type: 2}
      propertyPath: m_LocalPosition.x
      value: 437
      objectReference: {fileID: 0}
    - target: {fileID: 224684750470952460, guid: 84ccfde8411fb2a40b014b97daf14885,
        type: 2}
      propertyPath: m_LocalPosition.y
      value: 197.42264
      objectReference: {fileID: 0}
    - target: {fileID: 224005163744702380, guid: 84ccfde8411fb2a40b014b97daf14885,
        type: 2}
      propertyPath: m_LocalPosition.x
      value: 436.99976
      objectReference: {fileID: 0}
    - target: {fileID: 224563169515139260, guid: 84ccfde8411fb2a40b014b97daf14885,
        type: 2}
      propertyPath: m_LocalPosition.x
      value: 437
      objectReference: {fileID: 0}
    - target: {fileID: 224563169515139260, guid: 84ccfde8411fb2a40b014b97daf14885,
        type: 2}
      propertyPath: m_LocalPosition.y
      value: 197.42264
      objectReference: {fileID: 0}
    - target: {fileID: 224808885210916414, guid: 84ccfde8411fb2a40b014b97daf14885,
        type: 2}
      propertyPath: m_LocalPosition.x
      value: 436.99988
      objectReference: {fileID: 0}
    - target: {fileID: 224808885210916414, guid: 84ccfde8411fb2a40b014b97daf14885,
        type: 2}
      propertyPath: m_LocalPosition.y
      value: 197.42258
      objectReference: {fileID: 0}
    - target: {fileID: 224804627924895152, guid: 84ccfde8411fb2a40b014b97daf14885,
        type: 2}
      propertyPath: m_LocalPosition.x
      value: 437
      objectReference: {fileID: 0}
    - target: {fileID: 224804627924895152, guid: 84ccfde8411fb2a40b014b97daf14885,
        type: 2}
      propertyPath: m_LocalPosition.y
      value: 197.42264
      objectReference: {fileID: 0}
    - target: {fileID: 224886247757655662, guid: 84ccfde8411fb2a40b014b97daf14885,
        type: 2}
      propertyPath: m_LocalPosition.x
      value: -512
      objectReference: {fileID: 0}
    - target: {fileID: 224886247757655662, guid: 84ccfde8411fb2a40b014b97daf14885,
        type: 2}
      propertyPath: m_LocalPosition.y
      value: -272.42264
      objectReference: {fileID: 0}
    - target: {fileID: 224354579994840446, guid: 84ccfde8411fb2a40b014b97daf14885,
        type: 2}
      propertyPath: m_LocalPosition.y
      value: 197.42264
      objectReference: {fileID: 0}
    - target: {fileID: 224509861995785732, guid: 84ccfde8411fb2a40b014b97daf14885,
        type: 2}
      propertyPath: m_LocalPosition.y
      value: -197.42264
      objectReference: {fileID: 0}
    - target: {fileID: 224382876948796940, guid: 84ccfde8411fb2a40b014b97daf14885,
        type: 2}
      propertyPath: m_LocalPosition.y
      value: 197.42264
      objectReference: {fileID: 0}
    - target: {fileID: 224250712218652076, guid: 84ccfde8411fb2a40b014b97daf14885,
        type: 2}
      propertyPath: m_LocalPosition.y
      value: 44.506996
      objectReference: {fileID: 0}
    - target: {fileID: 224583003100061872, guid: 84ccfde8411fb2a40b014b97daf14885,
        type: 2}
      propertyPath: m_LocalPosition.x
      value: 525
      objectReference: {fileID: 0}
    - target: {fileID: 224583003100061872, guid: 84ccfde8411fb2a40b014b97daf14885,
        type: 2}
      propertyPath: m_LocalPosition.y
      value: 150
      objectReference: {fileID: 0}
    - target: {fileID: 224597939529037944, guid: 84ccfde8411fb2a40b014b97daf14885,
        type: 2}
      propertyPath: m_LocalPosition.x
      value: 375
      objectReference: {fileID: 0}
    - target: {fileID: 224597939529037944, guid: 84ccfde8411fb2a40b014b97daf14885,
        type: 2}
      propertyPath: m_LocalPosition.y
      value: 150
      objectReference: {fileID: 0}
    - target: {fileID: 224935319208505180, guid: 84ccfde8411fb2a40b014b97daf14885,
        type: 2}
      propertyPath: m_LocalPosition.x
      value: 225
      objectReference: {fileID: 0}
    - target: {fileID: 224935319208505180, guid: 84ccfde8411fb2a40b014b97daf14885,
        type: 2}
      propertyPath: m_LocalPosition.y
      value: 150
      objectReference: {fileID: 0}
    - target: {fileID: 224249221081616754, guid: 84ccfde8411fb2a40b014b97daf14885,
        type: 2}
      propertyPath: m_LocalPosition.x
      value: 75
      objectReference: {fileID: 0}
    - target: {fileID: 224249221081616754, guid: 84ccfde8411fb2a40b014b97daf14885,
        type: 2}
      propertyPath: m_LocalPosition.y
      value: 150
      objectReference: {fileID: 0}
    m_RemovedComponents: []
  m_ParentPrefab: {fileID: 100100000, guid: 84ccfde8411fb2a40b014b97daf14885, type: 2}
  m_IsPrefabParent: 0
--- !u!1001 &2036210212
Prefab:
  m_ObjectHideFlags: 0
  serializedVersion: 2
  m_Modification:
    m_TransformParent: {fileID: 0}
    m_Modifications:
    - target: {fileID: 4068847777563884, guid: 4234fbb396f7cff4f9915087245aab41, type: 2}
      propertyPath: m_LocalPosition.x
      value: 0
      objectReference: {fileID: 0}
    - target: {fileID: 4068847777563884, guid: 4234fbb396f7cff4f9915087245aab41, type: 2}
      propertyPath: m_LocalPosition.y
      value: 0
      objectReference: {fileID: 0}
    - target: {fileID: 4068847777563884, guid: 4234fbb396f7cff4f9915087245aab41, type: 2}
      propertyPath: m_LocalPosition.z
      value: 0
      objectReference: {fileID: 0}
    - target: {fileID: 4068847777563884, guid: 4234fbb396f7cff4f9915087245aab41, type: 2}
      propertyPath: m_LocalRotation.x
      value: -0.7071068
      objectReference: {fileID: 0}
    - target: {fileID: 4068847777563884, guid: 4234fbb396f7cff4f9915087245aab41, type: 2}
      propertyPath: m_LocalRotation.y
      value: 0
      objectReference: {fileID: 0}
    - target: {fileID: 4068847777563884, guid: 4234fbb396f7cff4f9915087245aab41, type: 2}
      propertyPath: m_LocalRotation.z
      value: 0
      objectReference: {fileID: 0}
    - target: {fileID: 4068847777563884, guid: 4234fbb396f7cff4f9915087245aab41, type: 2}
      propertyPath: m_LocalRotation.w
      value: 0.7071068
      objectReference: {fileID: 0}
    - target: {fileID: 4068847777563884, guid: 4234fbb396f7cff4f9915087245aab41, type: 2}
      propertyPath: m_RootOrder
      value: 2
      objectReference: {fileID: 0}
    m_RemovedComponents: []
  m_ParentPrefab: {fileID: 100100000, guid: 4234fbb396f7cff4f9915087245aab41, type: 2}
  m_IsPrefabParent: 0
